<record><leader>00000cas a22000007a 4500</leader><controlfield tag="001">9823972</controlfield><controlfield tag="008">830819d18811885nyuwr ne      0    0eng d</controlfield><controlfield tag="009">3781</controlfield><datafield ind1=" " ind2=" " tag="010"><subfield code="a">sn 83031208 </subfield></datafield><datafield ind1=" " ind2=" " tag="040"><subfield code="a">NPU</subfield><subfield code="b">eng</subfield><subfield code="c">NPU</subfield><subfield code="d">NPX</subfield><subfield code="d">NYS</subfield><subfield code="d">OCLCQ</subfield></datafield><datafield ind1="1" ind2=" " tag="029"><subfield code="a">AU@</subfield><subfield code="b">000020385321</subfield></datafield><datafield ind1=" " ind2=" " tag="042"><subfield code="a">msc</subfield></datafield><datafield ind1="0" ind2="4" tag="245"><subfield code="a">The Kingston journal and weekly freeman.</subfield></datafield><datafield ind1=" " ind2=" " tag="260"><subfield code="a">Kingston, N.Y. :</subfield><subfield code="b">Kingston Freeman Co.,</subfield><subfield code="c">1881-1885.</subfield></datafield><datafield ind1=" " ind2=" " tag="300"><subfield code="a">v. ;</subfield><subfield code="c">64 cm.</subfield></datafield><datafield ind1=" " ind2=" " tag="310"><subfield code="a">Weekly</subfield></datafield><datafield ind1="0" ind2=" " tag="362"><subfield code="a">Vol. 22, no. 37 (Jan. 6, 1881)- ; -new ser. v. 5, no. 52 (Dec. 24, 1885).</subfield></datafield><datafield ind1=" " ind2=" " tag="500"><subfield code="a">"Republican."</subfield></datafield><datafield ind1=" " ind2="4" tag="651"><subfield code="a">Kingston (N.Y.)</subfield><subfield code="v">Newspapers.</subfield></datafield><datafield ind1=" " ind2=" " tag="752"><subfield code="a">United States</subfield><subfield code="b">New York</subfield><subfield code="c">Ulster</subfield><subfield code="d">Kingston.</subfield></datafield><datafield ind1="0" ind2=" " tag="775"><subfield code="t">Kingston daily freeman</subfield><subfield code="w">(DLC)sn 85054405</subfield><subfield code="w">(OCoLC)11656172</subfield></datafield><datafield ind1="0" ind2="4" tag="780"><subfield code="t">Kingston journal</subfield><subfield code="w">(DLC)sn 83031201</subfield></datafield><datafield ind1="0" ind2="4" tag="780"><subfield code="t">Weekly freeman</subfield><subfield code="w">(DLC)sn 83031204</subfield></datafield><datafield ind1="0" ind2="0" tag="785"><subfield code="t">Kingston weekly freeman and journal (Kingston, N.Y. : 1885)</subfield><subfield code="w">(DLC)sn 90066334</subfield><subfield code="w">(OCoLC)22736695</subfield></datafield></record>